<record xmlns="http://www.loc.gov/MARC21/slim" xmlns:xsi="http://www.w3.org/2001/XMLSchema-instance" xsi:schemaLocation="http://www.loc.gov/MARC21/slim http://www.loc.gov/standards/marcxml/schema/MARC21slim.xsd"><leader>00523cz   2200145n  4500</leader><controlfield tag="001">oca06510199 </controlfield><controlfield tag="005">20041203143340.0</controlfield><controlfield tag="008">041203n| acannaabn          |a aaa      </controlfield><datafield ind1=" " ind2=" " tag="010"><subfield code="a">n 2004150785</subfield></datafield><datafield ind1=" " ind2=" " tag="040"><subfield code="a">DLC</subfield><subfield code="b">eng</subfield><subfield code="c">DLC</subfield></datafield><datafield ind1="0" ind2=" " tag="100"><subfield code="a">Isyllus,</subfield><subfield code="c">of Epidaurus</subfield></datafield><datafield ind1="0" ind2=" " tag="400"><subfield code="a">Isyllos,</subfield><subfield code="c">d'Epidaure</subfield></datafield><datafield ind1="0" ind2=" " tag="400"><subfield code="a">Isyllas,</subfield><subfield code="c">von Epidauros</subfield></datafield><datafield ind1=" " ind2=" " tag="670"><subfield code="a">Kolde, Antje. Politique et religion chez Isyllos d'Epidaure, 2003:</subfield><subfield code="b">t.p. (Isyllos d'Epidaure)</subfield></datafield><datafield ind1=" " ind2=" " tag="670"><subfield code="a">LC database, Dec 3, 2004:</subfield><subfield code="b">(hdg.: Isyllus, of Epidaurus; variant: Isyllas von Epidauros)</subfield></datafield></record>